@book{Russell2010,
abstract = {The long-anticipated revision of this {\#}1 selling book offers the most comprehensive, state of the art introduction to the theory and practice of artificial intelligence for modern applications. Intelligent Agents. Solving Problems by Searching. Informed},
archivePrefix = {arXiv},
arxivId = {arXiv:gr-qc/9809069v1},
author = {Russell, Stuart and Norvig, Peter},
booktitle = {Zhurnal Eksperimental'noi i Teoreticheskoi Fiziki},
doi = {10.1017/S0269888900007724},
eprint = {9809069v1},
isbn = {9780136042594},
issn = {0269-8889},
pmid = {20949757},
primaryClass = {arXiv:gr-qc},
title = {{Artificial Intelligence A Modern Approach Third Edition}},
year = {2010}
}